1633 2452
637 233 767 264 mnnx
786 223 997 264 NOTARUM.
1283 234 1383 265 xm

247 313 449 359 Synnerberg
462 328 493 339 =
508 313 747 344 Observationes
788 312 917 343 criticae
956 312 991 343 in
1030 312 1073 343 M.
1099 313 1230 343 Minucii
1269 313 1382 344 Felicis

330 353 495 384 Octavium
510 353 636 392 scripsit
653 352 781 383 Carolus
796 352 1003 392 Synnerberg.
1036 352 1283 392 Helsingforsiae
1304 356 1381 384 1889

248 397 596 429 Ursinus=Arnobius.
628 397 676 428 ed.
692 396 820 428 Fulvius
840 396 980 427 Ursinus.
1020 397 1139 427 Romae
1160 400 1238 428 1583

249 443 370 474 Usener
387 452 415 473 v.
431 441 540 472 Jahrb.
556 442 578 473 f.
594 441 690 472 klass.
705 441 817 472 Philol.
839 444 876 472 99
898 443 1000 481 (1869)
1019 451 1050 480 p.
1068 444 1225 472 393--416

246 487 373 518 Vahlen
382 502 414 513 =
423 486 642 517 annotationes
658 486 800 523 criticae,
816 495 898 524 quae
913 486 947 516 in
962 485 1158 525 praefatione
1174 487 1206 516 et
1221 486 1255 516 in
1270 495 1380 517 comm.

329 527 398 557 crit.
415 526 563 557 editionis
583 526 771 556 Halmianae
791 525 1043 556 vindobonensis
1063 526 1272 557 inveniuntur.

410 566 450 596 de
476 566 518 596 M.
534 566 664 596 Minucii
691 564 805 595 Felicis
834 564 964 595 Octavio
993 565 1175 604 disputatio.
1224 565 1291 595 Ind.
1308 565 1380 596 lect.

329 605 422 635 Univ.
437 605 540 636 Berol.
553 606 690 636 semestr.
708 605 816 635 aestiv.
834 607 912 635 1894

249 661 279 680 v.
296 650 326 680 d.
340 649 465 680 Vliet=
475 648 691 679 Coniectaneo.
708 649 787 679 Mus.
803 649 903 679 Rhen.
919 648 958 679 N.
974 649 1008 679 F.
1024 649 1077 679 XL
1098 651 1200 689 (1885)
1220 659 1251 688 p.
1271 652 1327 680 155
1349 651 1382 680 et

330 689 530 728 Mnemosyne
549 688 637 718 XVII
652 690 754 728 (1889)
774 698 805 727 p.
823 692 980 719 143—146

249 733 362 764 Vonck
375 748 406 760 =
420 733 508 764 Corn.
529 733 650 763 Valerii
679 732 805 770 Vonok,
835 732 1000 772 Specimen
1031 733 1176 764 criticum
1210 733 1244 763 in
1278 733 1381 764 varios

329 774 482 843 ffilctores.
496 772 665 843 12⁷&th
680 772 920 804 Observationes
934 773 1165 811 miscellaneae,
1180 773 1319 804 Traiecti
1339 774 1380 803 ad

380 822 474 843 enum

247 857 353 888 Wirth
377 867 406 927 ἴ.
422 857 551 888 Aemilii
577 856 761 887 Baehsensii
788 857 959 888 editionem
986 856 1179 896 Lipsiensem
1207 856 1241 887 in
1269 866 1379 888 comm.

330 897 377 927 cri
393 920 400 927 .
415 907 447 936 p.
464 900 493 934 6,
509 904 523 926 ²

246 941 411 980 Wopkens
424 956 456 966 =
469 940 745 971 Animadversum
760 940 870 971 critica
885 941 919 971 in
933 941 1106 971 Minucium
1120 941 1264 972 Felicem.
1305 942 1380 972 Mis-

328 980 488 1011 cananeae
509 980 756 1011 Observationes.
792 980 964 1011 Amstelod.
981 984 1057 1011 1739
1077 980 1136 1011 vol.
1152 980 1181 1011 X
1200 991 1231 1020 p.
1244 985 1280 1011 11
1293 990 1316 1011 s.

247 1025 411 1056 Wowerus
425 1039 456 1050 --
469 1025 511 1056 M.
532 1025 665 1055 Minucii
684 1024 797 1055 Felicis
819 1024 975 1056 Octavius.
1014 1035 1074 1056 rec.
1094 1025 1184 1056 Joan.
1207 1035 1226 1056 a
1245 1025 1379 1056 Wower.

327 1064 493 1103 Hamburg
514 1067 600 1095 1603.
